
@article{cascalheiraandbicho2013,
	title = {Hunter–gatherer ecodynamics and the impact of the Heinrich event 2 in Central and Southern Portugal},
	volume = {318},
	pages = {117--127},
	journaltitle = {Quaternary International},
	author = {Cascalheira, João and Bicho, Nuno},
	date = {2013},
	file = {Full Text:C\:\\Users\\Valentine\\Zotero\\storage\\4MCHWQCP\\pubag.nal.usda.gov.html:text/html;Snapshot:C\:\\Users\\Valentine\\Zotero\\storage\\EWS75D7A\\S1040618213003029.html:text/html}
}